Professor Leonard

Stewart, James. Calculus, Early Transcendentals, 8th Edition

Tao, Terence. Analysis II

Edward, C.H. Jr. Advanced Calculus of Several Variables

Spivak, Michael. Calculus on Manifolds